<record><leader>00000cas a22000007a 4500</leader><controlfield tag="001">11799146</controlfield><controlfield tag="008">850313c19859999ohucr ne      0   a0eng d</controlfield><datafield ind1=" " ind2=" " tag="010"><subfield code="a">sn 85000866 </subfield></datafield><datafield ind1=" " ind2=" " tag="040"><subfield code="a">NSD</subfield><subfield code="b">eng</subfield><subfield code="c">NSD</subfield><subfield code="d">ONP</subfield><subfield code="d">NSD</subfield><subfield code="d">OCLCQ</subfield></datafield><datafield ind1=" " ind2=" " tag="012"><subfield code="k">1</subfield><subfield code="m">1</subfield></datafield><datafield ind1="1" ind2=" " tag="022"><subfield code="a">8750-8141</subfield><subfield code="l">8750-8141</subfield><subfield code="2">1</subfield></datafield><datafield ind1=" " ind2=" " tag="032"><subfield code="a">293960</subfield><subfield code="b">USPS</subfield></datafield><datafield ind1=" " ind2=" " tag="037"><subfield code="b">The Kettering-Oakwood Times, 3484 Far Hills Ave., Kettening, OH 45429</subfield></datafield><datafield ind1=" " ind2=" " tag="042"><subfield code="a">nsdp</subfield></datafield><datafield ind1="0" ind2=" " tag="130"><subfield code="a">Kettering-Oakwood times (Kettering, Ohio : 1985)</subfield></datafield><datafield ind1=" " ind2="4" tag="222"><subfield code="a">The Kettering-Oakwood times</subfield></datafield><datafield ind1="1" ind2="4" tag="245"><subfield code="a">The Kettering-Oakwood times.</subfield></datafield><datafield ind1="3" ind2="0" tag="246"><subfield code="a">Times</subfield></datafield><datafield ind1=" " ind2=" " tag="260"><subfield code="a">Kettering, Ohio :</subfield><subfield code="b">Ohio Communications Corp.,</subfield><subfield code="c">1985-</subfield></datafield><datafield ind1=" " ind2=" " tag="310"><subfield code="a">Semiweekly</subfield></datafield><datafield ind1="0" ind2=" " tag="362"><subfield code="a">Vol. 29, no. 77 (Jan. 23, 1985)-</subfield></datafield><datafield ind1=" " ind2=" " tag="752"><subfield code="a">United States</subfield><subfield code="b">Ohio</subfield><subfield code="c">Montgomery</subfield><subfield code="d">Kettering.</subfield></datafield><datafield ind1="0" ind2="0" tag="780"><subfield code="t">Times (Kettering, Ohio : 1980)</subfield><subfield code="w">(DLC)sn 88077150</subfield></datafield><datafield ind1=" " ind2=" " tag="936"><subfield code="a">Jan. 30, 1985</subfield></datafield><datafield ind1="1" ind2=" " tag="029"><subfield code="a">AU@</subfield><subfield code="b">000025789006</subfield></datafield></record>